@ARTICLE{2018arXiv180107698D,
    author = {{ Deng } , Jiankang and { Guo } , Jia and { Xue } , Niannan and
 { Zafeiriou } , Stefanos},
    title = "{ArcFace: Additive Angular Margin Loss for Deep Face Recognition}",
    journal = {arXiv e-prints},
    keywords = {Computer Science - Computer Vision and Pattern Recognition},
    year = "2018",
    month = "Jan",
    eid = {arXiv:1801.07698},
    pages = {arXiv:1801.07698},
    archivePrefix = {arXiv},
    eprint = {1801.07698},
    primaryClass = {cs.CV},
    adsurl = {https://ui.adsabs.harvard.edu/abs/2018arXiv180107698D},
    adsnote = {Provided by the SAO/NASA Astrophysics Data System}
}
@ONLINE{LeNet5,
    title = {Data flow in LeNet 5},
    urldate = {2019-09-30},
    url = {https://www.d2l.ai/_images/lenet.svg}
}
@ONLINE{ConvLayer,
    title = {From Dense Layers to Convolutions},
    urldate = {2019-10-01},
    url = {https://www.d2l.ai/chapter_convolutional-neural-networks/why-conv.html}
}
@ONLINE{PoolingLayer,
    title = {Pooling},
    urldate = {2019-10-01},
    url = {https://www.d2l.ai/chapter_convolutional-neural-networks/pooling.html}
}
@MISC{FaceRec,
    author = {Ivan Gruber},
    title = {Face Recognition: Review of State-of-the-Art Methods},
    year = {2018},
}